@FOOTNOTE{Note1,key="Note1",note="This interaction shift is larger than the differential axial trapping frequency between Na and Cs atoms, which decouples the relative and center of mass motional state and improves the robustness of our preparation of the relative motional ground state."}
