@FOOTNOTE{Note1,key="Note1",note="Private communication with R. Moszynski"}
@CONTROL{REVTEX42Control}
@CONTROL{apsrev42Control,author="08",editor="1",pages="0",title="0",year="1"}
